3690 4314
996 1013 1072 1078 DE

541 1119 832 1290 nnun
914 1181 1525 1282 nummulos
1691 1199 1693 1210 ·

712 1416 716 1424 .
773 1383 1308 1501 comusnrarro

931 1573 1143 1606 Q

270 1787 347 1896 De
372 1822 484 1920 domo
510 1821 610 1898 Ulixi
636 1812 856 1922 singulisque
881 1801 957 1894 eins
974 1809 1163 1920 partibus,
1180 1788 1289 1916 'quae
1310 1815 1348 1890 in
1369 1809 1573 1898 Homericis
1598 1801 1814 1884 carminibus

268 1955 399 2052 passim
424 1967 769 2048 commemorantur,
789 1951 898 2025 *multi
923 1971 1028 2050 saepe
1053 1967 1297 2048 exposuerunt
1320 1945 1388 2022 viri
1413 1941 1553 2017 eruditi.
1607 1935 1704 2012 Nom
1729 1959 1814 2008 cum

272 2082 317 2155 ad
344 2082 534 2184 scriptores
559 2104 695 2159 veteres
728 2103 823 2162 recte
845 2075 1100 2179 intelligendos
1124 2079 1230 2180 longe
1254 2076 1454 2178 plurimum
1478 2069 1590 2149 valeat
1616 2065 1814 2144 accuratior

273 2239 415 2307 rerum,
443 2241 530 2312 quas
558 2235 731 2308 tractant,
756 2211 1001 2310 investigatio,
1027 2207 1179 2292 Homeri
1204 2230 1324 2310 autem
1344 2207 1524 2310 carmina,
1549 2189 1720 2308 quoniam
1745 2197 1815 2269 sin·

275 2342 391 2440 gulari
416 2342 571 2442 quadam
598 2339 793 2420 dulcedine
823 2340 1021 2440 legentium
1046 2341 1184 2415 animos
1205 2361 1349 2437 tenent,
1381 2357 1520 2416 summa
1550 2357 1691 2434 semper
1717 2327 1816 2426 cupi-

214 2473 247 2534 ·'
274 2473 381 2550 ditate
403 2475 652 2578 acerrimoque
683 2472 802 2550 studio
828 2499 849 2547 a
876 2450 1020 2547 senibus
1051 2499 1127 2548 non
1152 2475 1288 2570 minus,
1323 2501 1431 2574 quam
1461 2475 1505 2546 ab
1532 2461 1816 2547 adolescentibus

170 2698 175 2708 ι
270 2605 422 2678 lectitata
447 2603 545 2700 sint,
577 2630 632 2678 res
658 2603 703 2679 ad
733 2606 842 2681 vitam
873 2601 1044 2698 heroum,
1078 2604 1142 2704 qui
1165 2603 1283 2711 Iliacis
1309 2605 1530 2706 temporibus
1554 2589 1749 2688 florebant,
1781 2612 1818 2663 et

270 2719 468 2833 publicam
496 2755 532 2808 et
555 2733 727 2834 privatam
758 2736 976 2836 pertinentes
1001 2733 1207 2834 diligentius
1237 2730 1486 2836 pervestigatas
1518 2756 1555 2808 et
1578 2755 1707 2830 magna
1732 2750 1819 2800 cura

276 2865 467 2940 illustratas
496 2890 588 2962 esse,
619 2893 727 2943 nemo
753 2869 858 2943 focile
883 2867 1084 2943 mirabitur.
1141 2865 1185 2940 ln
1213 2867 1375 2970 Odyssea
1400 2888 1521 2942 antem
1546 2853 1818 2963 interpretanda

277 2996 340 3094 qni
364 2998 612 3092 versabantur,
645 3001 778 3093 multa,
814 2999 969 3100 quaein
996 3022 1036 3071 ea
1060 3018 1269 3093 narrantur,
1294 3025 1369 3074 non
1396 3019 1563 3101 poterent
1586 3013 1681 3073 recte
1709 2987 1840 3088 expli·-

164 3121 173 3134 ”
275 3151 375 3220 care,
418 3125 507 3226 quin
548 3153 682 3225 regum
720 3134 837 3204 aedes
872 3127 1064 3232 'momodo
1099 3129 1253 3204 Homeri
1285 3149 1395 3204 aetate
1430 3130 1629 3230 descriptae
1660 3124 1818 3214 luissent,

278 3256 466 3356 diligenter
491 3278 574 3333 ante
602 3259 837 3362 explorarent.
902 3261 1003 3337 Duas
1038 3281 1158 3337 autem
1190 3281 1371 3362 poterant,
1403 3261 1467 3364 qui
1500 3260 1538 3334 in
1569 3261 1640 3336 hee
1666 3256 1820 3356 entiqui-

278 3390 359 3463 tetis
387 3397 486 3490 parte
510 3385 718 3467 illustranda
744 3393 1039 3494 occupabantur,
1073 3393 1151 3498 uias
1181 3391 1341 3494 ingredi,
1360 3373 1524 3495 ⁸quarum
1550 3420 1624 3466 una
1656 3416 1722 3496 per
1747 3385 1822 3460 sola

280 3517 435 3593 ducebat
451 3519 605 3596 Homeri
630 3525 804 3620 carmine,
829 3525 940 3600 altera
964 3526 1071 3600 etiem
1092 3523 1138 3598 ad
1162 3525 1231 3600 alia
1253 3524 1472 3602 deverticula
1494 3522 1821 3604 aberrare’sinebat.

181 3659 185 3666 '
278 3649 380 3725 Illam
402 3652 481 3751 ‘qui
507 3655 767 3757 sequebantur,
808 3653 977 3734 videntur
1006 3657 1046 3731 hi
1081 3657 1230 3758 quidem
1257 3637 1417 3765 undique
1449 3660 1597 3732 tutiores
1625 3653 1820 3743 incessisse,

277 3803 311 3880 et
337 3779 476 3860 facilins
502 3809 563 3879 eo,
586 3811 666 3890 ‚quo
691 3789 882 3884 volebant,
904 3791 1091 3894 pervenire
1117 3791 1297 3891 potuisse,
1326 3787 1392 3864 sed
1416 3811 1535 3868 tamen
1569 3809 1644 3865 non
1670 3785 1819 3861 omnino

193 3909 196 3917 ’
275 3911 509 4012 negligendos
539 3942 614 3992 esse
645 3945 727 4015 eos,
758 3922 822 4021 qui
850 3944 964 3997 caute
987 3944 1022 3998 et
1058 3920 1281 4000 considerate
1309 3923 1500 4000 nonnullas
1523 3905 1628 4001 etism
1654 3913 1843 4021 flexiones*

278 4045 516 4144 quaerebant,
538 4043 655 4146 unde,
681 4075 772 4152 quae
800 4050 845 4126 ad
868 4053 973 4127 totius
1000 4054 1135 4130 itineris
1161 4054 1351 4134 consilinm
1376 4056 1577 4135 iurandum
1602 4053 1818 4136 conferrene

1440 4157 1483 4227 1*
