3690 4314
822 170 848 242 ll

65 361 140 408 nou
175 337 251 412 siue
281 340 401 417 studio
434 342 592 445 quodam
635 367 671 420 et
709 347 831 422 labore
861 350 936 452 peti
966 317 1147 452 poteraut,
1178 357 1281 434 facilc
1295 381 1482 476 apparet
1530 363 1606 438 Etsi

9 539 11 544 ,
65 467 173 565 igitur
217 472 280 570 qui
318 493 440 549 nostra
487 476 662 551 memoria
700 477 859 556 Ithacam
895 483 1049 560 insulam
1077 487 1165 576 ι“)
1155 488 1224 587 ipsi
1264 449 1449 588 adierunt,
1490 497 1604 569 multa

63 601 229 722 fortasse,
262 617 352 705 quae
384 607 570 706 optabant,
601 608 696 682 ihi
685 613 858 686 invenisse
885 615 955 689 sibi
987 617 1052 692 visi
1085 636 1188 712 sunt,
1216 617 1372 720 ideoque
1406 623 1466 698 vix
1500 623 1604 724 digni

62 730 247 829 videntur,
280 737 409 836 quibus
441 760 601 837 tantum,
638 763 813 842 quantum
846 743 1030 822 interdum
1069 746 1253 843 videmus,
1289 752 1328 824 in
1359 750 1430 830 hnc
1466 778 1506 828 rc
1540 757 1603 830 tri·
1666 820 1670 828 .

61 863 204 936 buatur:
241 885 360 941 tamen
396 896 487 969 quae
519 872 775 973 posterioribus
807 877 1028 976 temporibus
1062 877 1205 954 aedium
1231 843 1450 958 Graecarum
1483 888 1601 961 forma

18 1015 23 1022 ·
59 994 190 1088 fuerit,
231 1024 306 1071 nou
347 1027 492 1099 prorsus
535 1003 659 1105 inutile
692 1026 743 1079 est
775 1030 945 1107 quaerere
974 1013 1031 1100 2),
1072 1013 1277 1107 praesertim
1312 1039 1396 1088 curu
1445 1016 1599 1118 aliquam

59 1257 371 1283 Μ

103 1403 134 1482 ι)
159 1408 229 1490 ipsa
249 1409 350 1472 insula
376 1411 488 1474 Itlmca
512 1429 667 1498 quaenam
686 1412 779 1477 luerit
805 1413 921 1493 exile,
948 1411 1028 1504 qriae
1049 1435 1133 1480 nuno
1161 1416 1287 1481 Ionicae
1307 1429 1471 1502 vocantur,
1498 1423 1597 1488 adhuc

158 1512 288 1577 dubium
308 1523 363 1576 est.
402 1513 596 1579 Recentiores
618 1517 748 1599 ‚quidem
773 1518 953 1598 interpretes
980 1519 1040 1598 (cf.
1062 1522 1221 1583 Niteselrii
1240 1522 1337 1602 praef.
1357 1544 1390 1604 p.
1400 1524 1498 1606 XX.)
1526 1546 1596 1588 cum

95 1615 96 1618 ’
157 1618 211 1694 iis,
238 1620 293 1700 qui
314 1627 417 1681 nostra
438 1620 589 1682 memoria
608 1619 676 1680 illas
696 1621 833 1699 regiones
851 1621 1093 1700 permanerunt,
1120 1623 1239 1700 Gellio,
1263 1625 1446 1704 Dod'wcllo,
1472 1629 1597 1690 Gcodis·

25 1713 28 1720 ⁴
124 1737 247 1799 sono,
283 1721 368 1806 aliis,
411 1740 490 1806 qrros
529 1722 750 1784 accuratissime
788 1725 963 1814 percensuit
1002 1726 1200 1788 Schreiberus
1238 1723 1389 1804 (lthalia,
1407 1747 1439 1806 ιι.
1456 1730 1596 1818 ssqqq)

26 1807 66 1932 Q
137 1819 292 1884 Ithacam
325 1841 393 1885 eam
419 1805 550 1886 insulam
574 1825 665 1885 fuisse
693 1811 897 1902 contendunt,
930 1841 1024 1906 quam
1051 1813 1160 1890 Graeci
1191 1813 1273 1888 nunc
1307 1827 1440 1900 meast,
1471 1826 1591 1889 Turcae

27 1904 43 1956 ¹·
86 1958 92 1967 ·
154 1927 289 1989 Phiaclri
313 1936 431 1992 vocant
488 1925 549 1990 S'ed
582 1927 683 1990 omnia
716 1928 832 1988 incerta
858 1927 1004 1991 reddidit
1021 1931 1182 2000 Voaleksrr'
1205 1928 1402 1992 subtilissima
1428 1929 1594 2010 disputatio

153 2027 261 2108 (Hom.
283 2030 393 2110 Geogr.
414 2030 507 2110 ιι.,46
528 2027 613 2111 sqq.)
620 2072 630 2105 ,
658 2047 753 2111 quam
773 2030 799 2088 si
819 2028 952 2109 probare
973 2033 1124 2110 cogimur,
1152 2040 1204 2092 aut
1232 2032 1270 2092 de
1299 2030 1403 2096 Ithaca
1421 2031 1594 2094 Homerum

152 2151 216 2194 non
251 2131 339 2213 plus,
382 2149 477 2214 quam
510 2130 548 2191 de
585 2129 801 2192 remotioribus
830 2132 922 2208 terris
958 2135 1147 2194 occidentem
1183 2149 1290 2193 versus
1327 2133 1391 2193 sitis
1438 2135 1593 2210 cognitum

151 2235 309 2311 habuisse,
342 2242 395 2295 aut
419 2234 503 2293 illam
529 2231 661 2294 insulam
688 2232 811 2295 heroica
837 2243 934 2296 amate
961 2235 1229 2298 celebratissimum
1260 2235 1308 2296 vel
1333 2243 1433 2298 terrae
1459 2231 1591 2297 motibus

77 2409 79 2414 ¹
151 2339 200 2400 vel
229 2338 349 2419 ignibus
385 2336 592 2400 subterraneis
626 2328 777 2399 vastatam
806 2344 836 2397 et
866 2331 1069 2418 insequere
1101 2325 1272 2416 demersam
1303 2353 1366 2398 esee
1378 2379 1387 2413 ,
1424 2345 1591 2420 statuemus

107 2451 110 2458 ’
150 2459 271 2503 necesse
292 2437 346 2502 e'st.
386 2437 437 2502 Ad
455 2441 592 2520 priorem
612 2437 900 2530 illamsententiam
919 2439 1117 2518 Reinganum
1137 2436 1234 2517 (Berl.
1247 2436 1353 2498 Jahrb.
1373 2437 1394 2496 f.
1415 2437 1590 2500 wissensclr.

150 2540 236 2605 Krit.
264 2549 358 2619 1830,
384 2563 416 2624 ιι.
431 2544 487 2620 84)
514 2541 662 2604 inclinare
688 2543 794 2622 rideo,
826 2559 1017 2623 quamquam
1044 2560 1083 2600 ue
1101 2559 1194 2602 ,ιιιιιιι
1221 2539 1350 2623 quidem
1378 2540 1502 2616 desunt,
1533 2539 1591 2622 qui

151 2642 192 2708 ob
224 2655 396 2708 accuratam
425 2643 558 2722 insulae,
596 2661 693 2726 quam
718 2644 857 2706 Ithacam
891 2661 954 2704 esse
979 2649 1105 2724 putant,
1134 2642 1274 2703 notitiam
1301 2641 1474 2704 Homerum
1510 2641 1588 2704 Ithe-

151 2765 270 2810 censem
290 2747 387 2810 fuisse
404 2755 434 2808 et
458 2748 563 2828 ipsum
590 2748 666 2810 adeo
685 2745 813 2811 Ulixem
834 2747 915 2806 serio
942 2745 1114 2806 defendant.
1155 2745 1394 2820 Constantinum
1410 2743 1588 2814 licitatione,

150 2847 558 2930 univ.tit.10u.pr0f.,
599 2839 649 2912 mc
686 2849 787 2914 dicere
832 2859 938 2910 uento
964 2865 1035 2952 uon
1063 2846 1212 2926 iutelligit.
1264 2845 1337 2910 Vid.
1373 2844 1441 2906 The
1472 2844 1587 2907 Times.

148 2950 461 3028 rebustus.

48 3171 50 3178 .
86 3119 217 3198 ²)Hoc
246 3137 394 3206 quaerere
421 3137 582 3202 utinquam
606 3117 775 3180 omiserunt
809 3115 869 3180 viri
894 3117 985 3178 docti.
1038 3113 1235 3176 Schreibsrus
1261 3111 1362 3190 enim,
1395 3129 1587 3230 quampiam

153 3223 315 3298 Verrium,
352 3222 455 3285 virum
485 3224 523 3282 de
560 3221 691 3282 Homeri
728 3218 913 3282 carminibus
947 3217 1039 3297 longe
1074 3215 1323 3294 meritissimum,
1372 3215 1428 3298 qui
1440 3259 1449 3292 ,
1484 3223 1520 3276 nt
1549 3213 1584 3275 in

151 3329 272 3431 ceteris,
295 3328 337 3388 sic
364 3328 456 3388 ctiam
478 3324 512 3384 in
538 3322 597 3386 hec
622 3343 657 3384 re
684 3331 860 3404 temporum
886 3321 1093 3384 diversitatem
1117 3317 1338 3400 respiciendam
1366 3335 1445 3394 esse,
1471 3317 1586 3396 egregie

48 3407 51 3414 .
105 3511 109 3520 ι
149 3409 268 3522 inorruit
294 3409 354 3510 (ad
373 3433 470 3490 Hom.
490 3426 552 3488 h.
542 3449 575 3489 ur
597 3427 666 3490 Cer.
686 3423 783 3504 184),
810 3427 980 3524 vituperat,
1007 3421 1093 3508 quod
1121 3421 1211 3481 alicui
1235 3421 1414 3500 posterioris
1436 3419 1584 3498 temporis

94 3567 97 3572 ·
149 3529 276 3598 aedificii
306 3529 425 3593 formae
456 3547 541 3609 eam,
572 3547 654 3610 quae
680 3529 810 3590 Homeri
836 3536 933 3589 aetate
960 3525 1073 3601 fuerit,
1102 3523 1380 3597 accommodarit,
1374 3519 1583 3582 nouaclum

115 3643 120 3649 ’
148 3637 255 3730 eodem
279 3652 400 3712 errore,
428 3632 456 3694 si
459 3618 529 3694 hic
549 3651 635 3695 error
653 3640 729 3710 est,
744 3632 864 3712 lapsus,
898 3629 952 3691 sed
974 3625 1072 3690 Gellii
1098 3627 1203 3704 etiam,
1233 3624 1292 3687 viri
1318 3623 1358 3684 ad
1383 3639 1432 3686 res
1453 3619 1584 3684 Graecas

149 3739 334 3818 indagandas
356 3735 568 3815 curiosissimi,
594 3736 772 3795 audoritate
801 3735 928 3792 nimium
955 3727 1085 3792 confisus
1107 3747 1147 3791 ex
1175 3725 1347 3802 nonnullis,
1375 3741 1453 3806 quas
1479 3723 1529 3785 hic
1550 3737 1612 3783 se.

147 3844 296 3908 inuenisse
320 3835 546 3915 arbitrabatur,
573 3838 671 3917 regiae
689 3835 853 3898 Ithacensis
878 3833 1029 3915 reliquiis,
1057 3827 1227 3913 dequibus
1251 3837 1354 3894 tamen
1376 3829 1439 3890 iam
1458 3824 1585 3889 Goodis·

149 3963 240 4010 sonus
270 3942 431 4006 dubitabat
452 3939 532 4022 (ci.
563 3937 758 4002 Ccmmann’s
783 3939 867 4000 hom.
890 3927 1084 4012 varachus,
1108 3953 1141 4014 ιι.
1157 3931 1256 4014 405),
1295 3931 1427 4011 singulas
1460 3931 1581 4046 aedium

149 4049 383 4178 Homericamm
399 4045 502 4128 partes
522 4040 644 4110 definiri
664 4061 768 4126 posse,
793 4051 907 4106 temere
927 4041 1069 4120 opinatus
1090 4047 1143 4100 est.
