3690 4314
1051 145 1074 216 5

178 402 187 409 .
290 335 412 412 temen
445 329 532 404 huic
557 351 641 404 cum
674 343 795 406 vetere
825 319 887 397 illa
918 317 1120 402 Homerica
1146 317 1416 398 similitudinem
1445 321 1571 416 trisse,
1603 320 1728 418 negari
1757 344 1833 395 non

243 485 248 492 '
289 487 394 564 posse
424 459 593 536 videatur.

396 591 523 692 ltaque
548 590 595 664 de
630 589 723 662 aula
756 585 891 662 domus
916 587 1162 675 Homericae,
1198 583 1300 661 cuius
1329 600 1547 659 structuram
1577 577 1833 680 simpliciorem

292 725 437 828 paullo,
468 747 577 824 quarn
603 717 725 794 multis
745 740 851 818 saepe
876 717 994 794 visum
1019 737 1090 815 est,
1113 716 1220 794 fuisse
1245 713 1444 811 credimus,
1470 711 1682 812 disputaturi
1701 712 1832 806 omnia,

292 881 385 958 quse
420 877 464 930 ex
494 852 580 957 ipsis
610 851 826 940 nominibus
859 847 1064 927 Homericis
1100 849 1251 925 collecta
1286 845 1332 921 ad
1366 871 1443 922 rem
1470 841 1723 921 illustrandam
1750 869 1832 942 per·

292 988 408 1066 tinent
419 1001 433 1081 ,'
455 979 610 1060 breviter
633 1007 910 1086 percurremus,
935 1009 1114 1088 nusquam
1138 1002 1257 1056 umen
1280 978 1429 1055 omnino
1454 977 1629 1078 neglectis
1652 976 1713 1071 iis,
1737 1001 1832 1075 quae

291 1115 434 1197 aliunde
457 1115 567 1215 petita
597 1115 690 1194 lucis
715 1119 749 1191 ei
775 1114 913 1217 aliquid
938 1117 1065 1191 afferre
1088 1133 1263 1217 possunt.-
1359 1177 1366 1186 .

386 1250 523 1326 Aulam
549 1247 681 1324 domus
709 1248 925 1326 Homericae
956 1265 1095 1324 constat
1126 1245 1234 1320 fuisse
1257 1243 1380 1316 locum
1405 1241 1569 1342 apertum
1596 1239 1831 1342 etapricurn,

288 1387 362 1479 vel,
389 1401 432 1458 ut
456 1382 596 1456 Petisei
628 1382 745 1458 verbis
782 1401 886 1477 utar,
922 1375 1121 1454 subdialem
1152 1395 1189 1449 et
1215 1371 1450 1474 perflatilem,
1481 1391 1562 1444 ante
1598 1371 1695 1470 ipsas·
1723 1370 1830 1445 aedes

199 1537 203 1542 ’
283 1501 504 1617 postcunt).
560 1508 635 1585 Sed
660 1481 937 1614 ambigunt'viri
960 1509 1077 1603 docti,
1108 1533 1182 1580 una
1204 1502 1358 1580 Homeri
1381 1521 1492 1578 aetate
1517 1502 1629 1578 domo
1654 1503 1750 1598 aula,
1784 1529 1831 1576 an

287 1647 380 1720 duae
403 1627 699 1720 additae'fuerint
720 1646 765 1740 ⁴).
819 1641 897 1718 Nos
923 1641 1089 1746 quidem,
1114 1664 1152 1714 re
1176 1635 1315 1734 saepius
1343 1637 1553 1732 examinata,
1583 1660 1701 1710 unum
1721 1634 1831 1710 fuisse

285 1779 390 1855 nobis
411 1773 664 1876 persuasimus
722 1771 820 1852 Nam
852 1761 989 1876 quoties
1024 1774 1156 1848 domus
1185 1766 1300 1868 aliqua
1330 1785 1679 1844 commemoraturs
1707 1773 1828 1865 poeta,

285 1931 346 1986 aut
370 1909 530 2006 singulae
564 1904 639 1981 eius
662 1925 783 2006 partes
814 1926 1088 1999 enumerentur,
1116 1923 1257 2008 semper
1290 1901 1382 1972 aula
1416 1902 1451 1974 ei
1479 1899 1708 2000 adiungitur,
1742 1925 1828 1972 nus·

170 2139 178 2156 ,
284 2068 392 2144 quam
420 2044 543 2114 aulae.
578 2038 654 2114 ”Sic
676 2032 885 2115 Alexandro
915 2039 955 2118 iu
985 2060 1069 2116 arce
1093 2031 1253 2124 Troiana
1281 2055 1397 2130 prope
1427 2031 1563 2107 Priami
1586 2030 1826 2129 Hectorisque

325 2337 364 2416 ⁸)
390 2339 534 2403 Eustath.
554 2337 614 2417 (ed
636 2334 849 2419 0d.1v‚.tt;
875 2339 911 2402 ΙΙ.
930 2337 1050 2417 XXIV,
1072 2343 1113 2402 29
1128 2346 1159 2402 et
1177 2339 1262 2420 288)
1289 2335 1382 2420 αὐλῆς
1401 2349 1528 2413 nomen,
1561 2351 1635 2398 eum
1659 2331 1824 2400 'sitientes

303 2443 306 2450 “
385 2443 559 2522 (Deipnos.
577 2442 626 2521 V,
649 2443 709 2521 15)
735 2442 838 2522 docet,
867 2441 907 2504 ab
934 2438 979 2506 ἄν
1005 2442 1135 2506 dirutum
1160 2459 1281 2526 temper
1309 2441 1360 2507 tet
1379 2439 1440 2504 raia
1462 2433 1621 2522 rieul-lpus
1640 2437 1741 2504 tirus
1760 2441 1825 2502 Ho-

384 2561 510 2604 merum
536 2525 687 2622 pouere,·
704 2563 774 2606 cam
800 2547 838 2606 sit
864 2541 881 2608 ὅ
913 2541 1123 2622 διαπνεόμενος
1153 2543 1255 2618 τόπος.
1311 2545 1393 2606 Hine
1426 2539 1505 2624 aditi
1534 2542 1703 2630 opponitur
1730 2542 1824 2606 domo

387 2637 446 2708 Od.
466 2643 584 2722 XVHI,
604 2651 677 2710 287.
717 2645 790 2726 Ipsa
808 2647 929 2706 Petiaci
948 2643 1045 2708 verba
1063 2645 1158 2708 habet
1179 2647 1378 2710 tetrartum
1398 2644 1472 2724 (lte.
1492 2665 1525 2726 p.
1539 2641 1627 2724 128).

319 2769 359 2850 ⁴)
388 2776 489 2834 Uaura
517 2766 649 2834 Homeri
679 2780 776 2836 aetate
811 2771 937 2834 aedium
972 2770 1076 2833 attium
1105 2769 1220 2850 fuisse,
1251 2772 1345 2835 multi
1375 2776 1406 2832 et
1435 2773 1552 2862 aeter-es
1574 2779 1606 2832 et
1638 2771 1823 2837 recentiores

383 2881 523 2936 statuunt
552 2877 744 2956 interpretes.
807 2873 892 2936 Nem
918 2873 1002 2957 quod
1028 2876 1174 2956 Heynt'ua
1202 2874 1262 2954 (ad
1281 2874 1318 2937 ll.
1337 2872 1385 2952 V,
1407 2878 1491 2956 137)
1520 2873 1642 2935 aedium
1657 2957 1659 2962 Ι
1674 2884 1776 2954 partes
1803 2897 1821 2938 e

383 2977 547 3058 Porphyrii
571 2977 688 3039 scholio
714 2973 804 3040 affert
833 2973 945 3058 αὐλήν,
979 2975 1148 3053 Mosaios,
1173 2974 1306 3058 χόρτον,
1339 2971 1495 3054 resipis,
1527 2972 1632 3056 σηκδν,
1663 2973 1820 3055 ditatur,

383 3075 546 3160 rpa'daptov,
573 3075 679 3158 dirtos,
703 3075 860 3160 θάλαμον,
885 3080 918 3140 id
938 3069 1233 3160 ita'iateliigendum
1259 3087 1323 3158 eet,
1351 3087 1389 3141 ut
1407 3081 1484 3141 aliae
1503 3087 1608 3160 partos
1628 3079 1690 3142 sint
1710 3081 1820 3142 domus

251 3231 253 3234 a
380 3181 521 3260 rusticae,
533 3182 619 3246 aliae
633 3182 780 3247 urbanae.
811 3181 881 3262 lpse
890 3177 1028 3260 Heynius
1042 3190 1149 3262 postea
1162 3179 1217 3263 (ad
1232 3181 1270 3244 Π.
1276 3181 1332 3259 VI,
1347 3181 1435 3262 242),
1463 3181 1522 3244 ribi
1537 3183 1626 3244 aedes
1638 3181 1818 3246 Homeritas

380 3286 554 3346 accuratius
564 3285 717 3363 describit,
730 3301 825 3346 unam
838 3291 959 3344 tantum
971 3282 1073 3346 aulam
1086 3281 1145 3346 illis
1155 3284 1346 3365 temporibus
1356 3281 1450 3348 fuisse
1462 3293 1572 3346 censet.
1598 3283 1703 3348 Unam
1712 3287 1817 3348 aulam
1838 3271 1839 3280 Ι

352 3447 356 3455 ,
379 3375 472 3448 etiam
483 3386 626 3452 Feitla’ua
644 3385 889 3468 (Antiquflom.
901 3384 954 3461 ΙΙΙ,
968 3390 1016 3463 11,
1027 3385 1064 3462 t)
1081 3385 1169 3450 nobit
1176 3388 1301 3470 quidem
1321 3387 1444 3450 videtur
1461 3388 1608 3465 statuisse,
1627 3405 1818 3475 Quamquam

378 3505 459 3573 quae
490 3490 528 3551 de
555 3506 662 3566 muro,
699 3507 765 3572 quo
789 3495 854 3554 tota
884 3487 955 3548 aula
982 3496 1068 3570 septe
1093 3496 1178 3567 erat,
1207 3487 1299 3552 affert
1329 3491 1371 3569 (t.
1387 3488 1440 3568 2),
1476 3491 1516 3551 ad
1550 3489 1654 3551 auiam
1680 3493 1816 3580 aliquam

377 3575 524 3654 rusticam
542 3599 694 3674 spectare,
722 3591 927 3680 Sekreiberus
945 3589 1027 3671 (1.0.
1052 3611 1086 3672 p.
1100 3591 1183 3670 122)
1198 3591 1374 3656 ‘mbitratus
1396 3601 1450 3655 eet.
1490 3593 1698 3657 Seleuciderue
1721 3593 1814 3675 (Epi-

376 3701 464 3756 mctr.
486 3695 526 3756 ad
545 3695 690 3776 Xenoplr.
708 3689 804 3760 Mem.
823 3692 910 3758 son.
929 3713 962 3776 p.
978 3700 1050 3774 270,
1061 3697 1153 3778 sqtp)
1179 3714 1272 3758 unam
1292 3699 1427 3776 agnoscit
1446 3697 1550 3760 aulam
1570 3697 1681 3759 domus
1700 3697 1826 3758 Home-v

374 3800 470 3874 ricae,
504 3817 577 3860 nem
609 3817 688 3880 qnae
722 3798 760 3859 de
789 3815 863 3862 vose
893 3795 1045 3878 meotidas
1074 3797 1130 3880 (p.
1146 3801 1231 3876 278)
1265 3798 1420 3879 observat,
1451 3801 1554 3862 miuus
1585 3807 1666 3864 recte
1691 3799 1813 3862 videtur

312 3935 314 3942 ·
377 3897 573 3980 Schneiberus
609 3901 653 3979 (i.
671 3921 697 3962 c.
716 3919 749 3984 p.
764 3885 838 3980 123,
858 3921 888 3964 ιι.
905 3898 946 3981 1)
975 3899 1135 3982 accepisse.
1196 3897 1338 3964 Eandem·
1369 3901 1550 3968 sententiam
1584 3903 1839 3988 amplectunturi

374 4003 555 4066 Nitseelriur
574 4003 628 4082 (ad
651 4001 710 4067 ot.
732 4004 785 4083 Ill,
806 4003 884 4090 486)
904 4012 935 4072 ei
956 4003 1125 4094 Camenam
1145 4003 1245 4087 (hom.
1265 4001 1399 4068 Vorsclt.
1415 4023 1448 4086 p.
1462 4005 1550 4086 324).
