3690 4314
835 1051 839 1066 t
974 1007 1006 1068 D
1022 1005 1049 1068 Ε

519 1111 809 1281 anua
891 1173 1670 1274 uounuucn=·

663 1407 693 1436 ι
750 1375 1285 1493 conmnurarru

908 1565 1121 1597 Q»

247 1775 325 1886 De
340 1789 462 1888 'domo
488 1811 587 1888 Ulixi
613 1802 833 1912 singulisque
858 1793 934 1886 eius
951 1801 1140 1911 partibus,
1157 1777 1266 1908 „quae
1287 1807 1325 1882 in
1347 1801 1550 1892 Homericis
1575 1795 1791 1876 carminibus

245 1945 376 2042 passim
401 1959 747 2038 commemorantur,
771 1941 875 2015 multi
900 1963 1004 2042 saepe
1030 1959 1274 2040 exposuerunt
1297 1936 1366 2014 viri
1390 1933 1529 2011 eruditi.
1584 1927 1680 2004 Nam
1706 1952 1791 2000 curn

248 2071 294 2145 ad
321 2073 511 2174 scriptores
536 2094 672 2149 veteres
705 2093 800 2146 recte
822 2065 1076 2170 intelligendos
1101 2070 1207 2170 longe
1231 2068 1431 2170 plurimum
1453 2061 1567 2141 'valeat
1593 2058 1791 2136 accuratior

250 2228 392 2296 rerum,
420 2231 508 2303 quas
534 2225 708 2298 tractant,
733 2201 978 2300 investigatio,
1004 2199 1156 2274 Homeri
1181 2221 1300 2302 autem
1321 2199 1500 2301 carmina,
1526 2181 1697 2298 quoniam
1721 2188 1792 2261 sin·

252 2332 368 2430 gulari
393 2333 548 2432 quadam
575 2331 770 2410 drdcedine
800 2330 998 2430 legentium
1024 2332 1161 2407 animos
1182 2347 1327 2428 tenent,
1358 2349 1497 2406 summa
1526 2349 1668 2426 semper
1694 2319 1793 2418 cupi·

191 2463 359 2538 .'ditate
380 2465 629 2568 acerrimoque
660 2463 778 2540 studio
805 2489 826 2537 a
853 2442 997 2538 senibus
1028 2489 1104 2539 non
1128 2465 1265 2561 minus,
1299 2488 1408 2566 quam
1438 2466 1482 2538 ab
1508 2453 1793 2538 adolescentibus

248 2594 399 2668 lectitata
424 2593 522 2689 sint,
554 2621 609 2668 res
635 2593 680 2670 ad
710 2595 819 2672 vitam
850 2591 1020 2688 heroum,
1055 2595 1118 2696 qui
1141 2595 1260 2702 Iliacis
1285 2596 1507 2698 temporibus
1531 2581 1726 2679 florebant,
1758 2604 1795 2655 et

247 2709 445 2823 publium‘
472 2746 509 2799 ct
531 2726 704 2825 privatam
735 2727 953 2828 pertinentes
978 2723 1184 2826 diligentius
1214 2727 1462 2828 pervestigatas
1495 2747 1531 2800 et
1554 2747 1683 2821 magna
1709 2741 1795 2791 cura

252 2854 444 2930 illustratas
473 2881 565 2953 esse,
597 2883 704 2933 nomo
730 2859 835 2934 facile
860 2857 1061 2934 mirabitur.
1117 2857 1162 2931 In
1189 2859 1352 2961 Odyssea
1376 2879 1498 2934 autern
1523 2845 1795 2955 interpretanda

253 2986 317 3084 qni
341 2988 589 3082 versabantur,
621 2991 755 3084 multa,
791 3015 883 3090 quae
907 2991 946 3062 in
972 3014 1013 3062 ea
1037 3008 1244 3084 narrantur,
1271 3016 1345 3065 non
1373 3011 1541 3092 poterant
1563 3005 1657 3064 recto
1686 2979 1796 3080 expli·

139 3113 148 3126 '
251 3141 351 3210 care,
395 3117 484 3216 quin
525 3143 658 3216 regum
697 3125 814 3194 aedes
848 3117 1040 3222 ‘quomodo
1076 3119 1230 3194 Homeri
1262 3141 1372 3196 aetam
1406 3121 1606 3222 descriptae
1637 3115 1795 3205 luissent,

254 3247 443 3346 diligenter
469 3267 550 3324 ante
579 3248 814 3352 explorarent.
879 3251 980 3328 Duas
1014 3231 1134 3328 autern
1166 3271 1348 3352 poterant,
1379 3253 1443 3356 qui
1476 3251 1514 3326 in
1546 3253 1616 3327 bac
1643 3248 1797 3348 antiqui-

254 3379 336 3452 tatis
363 3387 462 3480 parte
487 3375 694 3458 illustranda
721 3383 1015 3486 occupabantur,
1050 3383 1127 3486 trias
1158 3379 1317 3484 ingredi,
1336 3365 1501 3486 ¹quarum
1527 3411 1601 3457 una
1632 3408 1699 3486 per
1724 3378 1798 3489 sola

247 3507 411 3584 xducebat
428 3509 582 3586 Homeri
606 3516 781 3611 carmina,
806 3516 917 3592 altera
941 3516 1047 3590 etiam
1068 3513 1115 3590 ad
1139 3517 1207 3592 alia
1229 3515 1449 3593 deverticula
1471 3514 1797 3596 aberrare'sinebat.

156 3649 159 3655 '
255 3638 357 3715 Illam
395 3642 458 3742 qui
484 3645 743 3752 sequebantur,
784 3642 954 3724 videntur
983 3648 1023 3722 hi
1057 3648 1206 3749 quidem
1234 3648 1393 3756 undique
1425 3651 1573 3723 tutiores
1601 3645 1796 3735 incessisse,

253 3791 288 3870 et
314 3769 453 3848 facilius
478 3800 539 3869 eo,
563 3802 643 3880 ’quo
667 3779 859 3875 volebant,
881 3782 1068 3884 pervenire
1093 3781 1254 3882 potuisse
1262 3793 1279 3878 3'
1303 3780 1368 3856 sed
1392 3804 1511 3858 tamen
1545 3800 1620 3856 non
1646 3777 1795 3852 omnino

251 3902 485 4003 negligendos
516 3933 591 3983 esse
621 3935 703 4005 eos,
734 3913 798 4013 qui
826 3934 941 3988 caute¹
963 3936 999 3990 et
1035 3911 1257 3990 considerate
1286 3896 1604 4006 nonnullasetiam
1630 3904 1819 4011 flexiones·

255 4035 492 4135 quaerebant,
515 4033 631 4136 unde,
657 4065 748 4141 quae
776 4041 822 4117 ad
844 4044 950 4118 totius
976 4044 1112 4121 itineris
1137 4044 1327 4124 consilium
1353 4045 1553 4184 iurapdum
1578 4043 1793 4121 conferent,

1599 4263 1604 4272 .
1702 4227 1828 4270 A
